@MISC{Hochreiter97longshort-term,
    author = {Sepp Hochreiter and JÃ¼rgen Schmidhuber},
    title = {Long Short-term Memory},
    year = {1997}
}

@MISC{Hinton_rectifiedlinear,
    author = {Geoffrey E. Hinton},
    title = {Rectified Linear Units Improve Restricted Boltzmann Machines Vinod Nair},
    year = {}
}